<record><leader>00000cas a22000007a 4500</leader><controlfield tag="001">12435724</controlfield><controlfield tag="008">850828d19091911mtuwr ne      0    0eng d</controlfield><datafield ind1=" " ind2=" " tag="010"><subfield code="a">sn 85053252 </subfield></datafield><datafield ind1=" " ind2=" " tag="040"><subfield code="a">MTL</subfield><subfield code="b">eng</subfield><subfield code="c">MTL</subfield><subfield code="d">OCLCQ</subfield></datafield><datafield ind1=" " ind2=" " tag="042"><subfield code="a">msc</subfield></datafield><datafield ind1="0" ind2=" " tag="130"><subfield code="a">Lake shore sentinel (Polson, Mont.)</subfield></datafield><datafield ind1="1" ind2="4" tag="245"><subfield code="a">The Lake shore sentinel.</subfield></datafield><datafield ind1=" " ind2=" " tag="260"><subfield code="a">Polson, Mont. :</subfield><subfield code="b">S.Y.B. Williams,</subfield><subfield code="c">1909-1911.</subfield></datafield><datafield ind1=" " ind2=" " tag="300"><subfield code="a">2 v. :</subfield><subfield code="b">ill.</subfield></datafield><datafield ind1=" " ind2=" " tag="310"><subfield code="a">Weekly</subfield></datafield><datafield ind1="0" ind2=" " tag="362"><subfield code="a">Vol. 1, no. 1 (Sept. 9, 1909)-v. 2, no. 49 (Aug. 11, 1911).</subfield></datafield><datafield ind1=" " ind2=" " tag="752"><subfield code="a">United States</subfield><subfield code="b">Montana</subfield><subfield code="c">Lake</subfield><subfield code="d">Polson.</subfield></datafield><datafield ind1="0" ind2="4" tag="785"><subfield code="t">Flathead courier</subfield><subfield code="g">Aug. 18, 1911</subfield><subfield code="w">(DLC)sn 86075296</subfield></datafield></record>